% This file was created with JabRef 2.7.
% Encoding: UTF8

@ARTICLE{BCFLMR_TPDS08,
  author = {Beaumont, Olivier and Carter, Larry and Ferrante, Jeanne and Legrand,
	Arnaud and Marchal, Loris and Robert, Yves},
  title = {{Centralized Versus Distributed Schedulers Multiple Bag-of-Tasks
	Applications}},
  journal = {IEEE Transactions on Parallel and Distributed Systems},
  year = {2008},
  volume = {19},
  pages = {698--709},
  number = {5},
  month = may,
  owner = {sascha},
  timestamp = {2011.09.16}
}

@INPROCEEDINGS{legrand_ccgrid03,
  author = {Casanova, Henri and Legrand, Arnaud and Marchal, Loris},
  title = {{Scheduling Distributed Applications: the SimGrid Simulation Framework}},
  booktitle = {Proceedings of the Third IEEE International Symposium on Cluster
	Computing and the Grid (CCGrid'03)},
  year = {2003},
  owner = {sascha},
  timestamp = {2011.09.16}
}

@BOOK{TelBook,
  title = {{Introduction to Distributed Algorithms}},
  publisher = {Cambridge University Press},
  year = {2001},
  author = {Tel, Gerard},
  address = {New York, NY, USA},
  edition = {2nd},
  isbn = {0521794838},
  owner = {sascha},
  timestamp = {2011.09.16}
}

@ARTICLE{GunnPeterson,
       author = {{Gunn}, James E. and {Peterson}, Bruce A.},
        title = "{On the Density of Neutral Hydrogen in Intergalactic Space.}",
      journal = {APJ},
         year = 1965,
        month = nov,
       volume = {142},
        pages = {1633-1636},
          doi = {10.1086/148444},
       adsurl = {https://ui.adsabs.harvard.edu/abs/1965ApJ...142.1633G},
      adsnote = {Provided by the SAO/NASA Astrophysics Data System}
}

@article{Becker_2001_GP_trough,
   title={Evidence for Reionization at z$\sim 6$: Detection of a Gunn-Peterson Trough in a $z=6.28$ Quasar},
   volume={122},
   ISSN={0004-6256},
   url={http://dx.doi.org/10.1086/324231},
   DOI={10.1086/324231},
   number={6},
   journal={The Astronomical Journal},
   publisher={American Astronomical Society},
   author={Becker, Robert H. and Fan, Xiaohui and White, Richard L. and Strauss, Michael A. and Narayanan, Vijay K. and Lupton, Robert H. and Gunn, James E. and Annis, James and Bahcall, Neta A. and Brinkmann, J. and Connolly, A. J. and Csabai, István and Czarapata, Paul C. and Doi, Mamoru and Heckman, Timothy M. and Hennessy, G. S. and Ivezić, Željko and Knapp, G. R. and Lamb, Don Q. and McKay, Timothy A. and Munn, Jeffrey A. and Nash, Thomas and Nichol, Robert and Pier, Jeffrey R. and Richards, Gordon T. and Schneider, Donald P. and Stoughton, Chris and Szalay, Alexander S. and Thakar, Aniruddha R. and York, D. G.},
   year={2001},
   month=dec, pages={2850–2857} }


@ARTICLE{Ian_model_inde_reio,
       author = {{McGreer}, Ian D. and {Mesinger}, Andrei and {D'Odorico}, Valentina},
        title = "{Model-independent evidence in favour of an end to reionization by z {\ensuremath{\approx}} 6}",
      journal = {MNRAS},
     keywords = {galaxies: high-redshift, quasars: absorption lines, cosmology: observations, dark ages, reionization, first stars, diffuse radiation, early Universe, Astrophysics - Cosmology and Nongalactic Astrophysics},
         year = 2015,
        month = feb,
       volume = {447},
       number = {1},
        pages = {499-505},
          doi = {10.1093/mnras/stu2449},
archivePrefix = {arXiv},
       eprint = {1411.5375},
 primaryClass = {astro-ph.CO},
       adsurl = {https://ui.adsabs.harvard.edu/abs/2015MNRAS.447..499M},
      adsnote = {Provided by the SAO/NASA Astrophysics Data System}
}


@BOOK{carroll,
  TITLE = {Spacetime and Geometry: An Introduction to General Relativity},
  AUTHOR = {Carroll, Sean M.},
  YEAR = {2019},
  publisher={Cambridge University Press},
}

@ARTICLE{planck2014,
       author = {{Planck Collaboration} and {Ade}, P.~A.~R. and {Aghanim}, N. and {Armitage-Caplan}, C. and {Arnaud}, M. and {Ashdown}, M. and {Atrio-Barandela}, F. and {Aumont}, J. and {Baccigalupi}, C. and {Banday}, A.~J. and {Barreiro}, R.~B. and {Bartlett}, J.~G. and {Battaner}, E. and {Benabed}, K. and {Beno{\^\i}t}, A. and {Benoit-L{\'e}vy}, A. and {Bernard}, J. -P. and {Bersanelli}, M. and {Bielewicz}, P. and {Bobin}, J. and {Bock}, J.~J. and {Bonaldi}, A. and {Bond}, J.~R. and {Borrill}, J. and {Bouchet}, F.~R. and {Bridges}, M. and {Bucher}, M. and {Burigana}, C. and {Butler}, R.~C. and {Calabrese}, E. and {Cappellini}, B. and {Cardoso}, J. -F. and {Catalano}, A. and {Challinor}, A. and {Chamballu}, A. and {Chary}, R. -R. and {Chen}, X. and {Chiang}, H.~C. and {Chiang}, L. -Y. and {Christensen}, P.~R. and {Church}, S. and {Clements}, D.~L. and {Colombi}, S. and {Colombo}, L.~P.~L. and {Couchot}, F. and {Coulais}, A. and {Crill}, B.~P. and {Curto}, A. and {Cuttaia}, F. and {Danese}, L. and {Davies}, R.~D. and {Davis}, R.~J. and {de Bernardis}, P. and {de Rosa}, A. and {de Zotti}, G. and {Delabrouille}, J. and {Delouis}, J. -M. and {D{\'e}sert}, F. -X. and {Dickinson}, C. and {Diego}, J.~M. and {Dolag}, K. and {Dole}, H. and {Donzelli}, S. and {Dor{\'e}}, O. and {Douspis}, M. and {Dunkley}, J. and {Dupac}, X. and {Efstathiou}, G. and {Elsner}, F. and {En{\ss}lin}, T.~A. and {Eriksen}, H.~K. and {Finelli}, F. and {Forni}, O. and {Frailis}, M. and {Fraisse}, A.~A. and {Franceschi}, E. and {Gaier}, T.~C. and {Galeotta}, S. and {Galli}, S. and {Ganga}, K. and {Giard}, M. and {Giardino}, G. and {Giraud-H{\'e}raud}, Y. and {Gjerl{\o}w}, E. and {Gonz{\'a}lez-Nuevo}, J. and {G{\'o}rski}, K.~M. and {Gratton}, S. and {Gregorio}, A. and {Gruppuso}, A. and {Gudmundsson}, J.~E. and {Haissinski}, J. and {Hamann}, J. and {Hansen}, F.~K. and {Hanson}, D. and {Harrison}, D. and {Henrot-Versill{\'e}}, S. and {Hern{\'a}ndez-Monteagudo}, C. and {Herranz}, D. and {Hildebrandt}, S.~R. and {Hivon}, E. and {Hobson}, M. and {Holmes}, W.~A. and {Hornstrup}, A. and {Hou}, Z. and {Hovest}, W. and {Huffenberger}, K.~M. and {Jaffe}, A.~H. and {Jaffe}, T.~R. and {Jewell}, J. and {Jones}, W.~C. and {Juvela}, M. and {Keih{\"a}nen}, E. and {Keskitalo}, R. and {Kisner}, T.~S. and {Kneissl}, R. and {Knoche}, J. and {Knox}, L. and {Kunz}, M. and {Kurki-Suonio}, H. and {Lagache}, G. and {L{\"a}hteenm{\"a}ki}, A. and {Lamarre}, J. -M. and {Lasenby}, A. and {Lattanzi}, M. and {Laureijs}, R.~J. and {Lawrence}, C.~R. and {Leach}, S. and {Leahy}, J.~P. and {Leonardi}, R. and {Le{\'o}n-Tavares}, J. and {Lesgourgues}, J. and {Lewis}, A. and {Liguori}, M. and {Lilje}, P.~B. and {Linden-V{\o}rnle}, M. and {L{\'o}pez-Caniego}, M. and {Lubin}, P.~M. and {Mac{\'\i}as-P{\'e}rez}, J.~F. and {Maffei}, B. and {Maino}, D. and {Mandolesi}, N. and {Maris}, M. and {Marshall}, D.~J. and {Martin}, P.~G. and {Mart{\'\i}nez-Gonz{\'a}lez}, E. and {Masi}, S. and {Massardi}, M. and {Matarrese}, S. and {Matthai}, F. and {Mazzotta}, P. and {Meinhold}, P.~R. and {Melchiorri}, A. and {Melin}, J. -B. and {Mendes}, L. and {Menegoni}, E. and {Mennella}, A. and {Migliaccio}, M. and {Millea}, M. and {Mitra}, S. and {Miville-Desch{\^e}nes}, M. -A. and {Moneti}, A. and {Montier}, L. and {Morgante}, G. and {Mortlock}, D. and {Moss}, A. and {Munshi}, D. and {Murphy}, J.~A. and {Naselsky}, P. and {Nati}, F. and {Natoli}, P. and {Netterfield}, C.~B. and {N{\o}rgaard-Nielsen}, H.~U. and {Noviello}, F. and {Novikov}, D. and {Novikov}, I. and {O'Dwyer}, I.~J. and {Osborne}, S. and {Oxborrow}, C.~A. and {Paci}, F. and {Pagano}, L. and {Pajot}, F. and {Paladini}, R. and {Paoletti}, D. and {Partridge}, B. and {Pasian}, F. and {Patanchon}, G. and {Pearson}, D. and {Pearson}, T.~J. and {Peiris}, H.~V. and {Perdereau}, O. and {Perotto}, L. and {Perrotta}, F. and {Pettorino}, V. and {Piacentini}, F. and {Piat}, M. and {Pierpaoli}, E. and {Pietrobon}, D. and {Plaszczynski}, S. and {Platania}, P. and {Pointecouteau}, E. and {Polenta}, G. and {Ponthieu}, N. and {Popa}, L. and {Poutanen}, T. and {Pratt}, G.~W. and {Pr{\'e}zeau}, G. and {Prunet}, S. and {Puget}, J. -L. and {Rachen}, J.~P. and {Reach}, W.~T. and {Rebolo}, R. and {Reinecke}, M. and {Remazeilles}, M. and {Renault}, C. and {Ricciardi}, S. and {Riller}, T. and {Ristorcelli}, I. and {Rocha}, G. and {Rosset}, C. and {Roudier}, G. and {Rowan-Robinson}, M. and {Rubi{\~n}o-Mart{\'\i}n}, J.~A. and {Rusholme}, B. and {Sandri}, M. and {Santos}, D. and {Savelainen}, M. and {Savini}, G. and {Scott}, D. and {Seiffert}, M.~D. and {Shellard}, E.~P.~S. and {Spencer}, L.~D. and {Starck}, J. -L. and {Stolyarov}, V. and {Stompor}, R. and {Sudiwala}, R. and {Sunyaev}, R. and {Sureau}, F. and {Sutton}, D. and {Suur-Uski}, A. -S. and {Sygnet}, J. -F. and {Tauber}, J.~A. and {Tavagnacco}, D. and {Terenzi}, L. and {Toffolatti}, L. and {Tomasi}, M. and {Tristram}, M. and {Tucci}, M. and {Tuovinen}, J. and {T{\"u}rler}, M. and {Umana}, G. and {Valenziano}, L. and {Valiviita}, J. and {Van Tent}, B. and {Vielva}, P. and {Villa}, F. and {Vittorio}, N. and {Wade}, L.~A. and {Wandelt}, B.~D. and {Wehus}, I.~K. and {White}, M. and {White}, S.~D.~M. and {Wilkinson}, A. and {Yvon}, D. and {Zacchei}, A. and {Zonca}, A.},
        title = "{Planck 2013 results. XVI. Cosmological parameters}",
      journal = {APP},
     keywords = {cosmic background radiation, cosmological parameters, early Universe, inflation, primordial nucleosynthesis, Astrophysics - Cosmology and Nongalactic Astrophysics},
         year = 2014,
        month = nov,
       volume = {571},
          eid = {A16},
        pages = {A16},
          doi = {10.1051/0004-6361/201321591},
    archivePrefix = {arXiv},
       eprint = {1303.5076},
     primaryClass = {astro-ph.CO},
       adsurl = {https://ui.adsabs.harvard.edu/abs/2014A&A...571A..16P},
      adsnote = {Provided by the SAO/NASA Astrophysics Data System}
}

@inproceedings{
universal_aprox,
title={Minimum Width for Universal Approximation},
author={Sejun Park and Chulhee Yun and Jaeho Lee and Jinwoo Shin},
booktitle={International Conference on Learning Representations},
year={2021},
url={https://openreview.net/forum?id=O-XJwyoIF-k}
}

@article{LeCun2015,
  title = {Deep learning},
  volume = {521},
  ISSN = {1476-4687},
  url = {http://dx.doi.org/10.1038/nature14539},
  DOI = {10.1038/nature14539},
  number = {7553},
  journal = {Nature},
  publisher = {Springer Science and Business Media LLC},
  author = {LeCun,  Yann and Bengio,  Yoshua and Hinton,  Geoffrey},
  year = {2015},
  month = may,
  pages = {436–444}
}
@article{CNN_rev,
  title = {A review of convolutional neural networks in computer vision},
  volume = {57},
  ISSN = {1573-7462},
  url = {http://dx.doi.org/10.1007/s10462-024-10721-6},
  DOI = {10.1007/s10462-024-10721-6},
  number = {4},
  journal = {Artificial Intelligence Review},
  publisher = {Springer Science and Business Media LLC},
  author = {Zhao,  Xia and Wang,  Limin and Zhang,  Yufei and Han,  Xuming and Deveci,  Muhammet and Parmar,  Milan},
  year = {2024},
  month = mar 
}

@article{LSTM_rev,
  title = {A review on the long short-term memory model},
  volume = {53},
  ISSN = {1573-7462},
  url = {http://dx.doi.org/10.1007/s10462-020-09838-1},
  DOI = {10.1007/s10462-020-09838-1},
  number = {8},
  journal = {Artificial Intelligence Review},
  publisher = {Springer Science and Business Media LLC},
  author = {Van Houdt,  Greg and Mosquera,  Carlos and Nápoles,  Gonzalo},
  year = {2020},
  month = may,
  pages = {5929–5955}
}

@ARTICLE{Moor_law,
  author={Schaller, R.R.},
  journal={IEEE Spectrum}, 
  title={Moore's law: past, present and future}, 
  year={1997},
  volume={34},
  number={6},
  pages={52-59},
  keywords={Moore's Law;Silicon;Technological innovation;Consumer products;Roads},
  doi={10.1109/6.591665}}


@misc{Llama,
      title={LLaMA: Open and Efficient Foundation Language Models}, 
      author={Hugo Touvron and Thibaut Lavril and Gautier Izacard and Xavier Martinet and Marie-Anne Lachaux and Timothée Lacroix and Baptiste Rozière and Naman Goyal and Eric Hambro and Faisal Azhar and Aurelien Rodriguez and Armand Joulin and Edouard Grave and Guillaume Lample},
      year={2023},
      eprint={2302.13971},
      archivePrefix={arXiv},
      primaryClass={cs.CL}
}

@misc{TPU,
      title={Benchmarking TPU, GPU, and CPU Platforms for Deep Learning}, 
      author={Yu Emma Wang and Gu-Yeon Wei and David Brooks},
      year={2019},
      eprint={1907.10701},
      archivePrefix={arXiv},
      primaryClass={cs.LG}
}

@article{backprop,
  title = {Learning representations by back-propagating errors},
  volume = {323},
  ISSN = {1476-4687},
  url = {http://dx.doi.org/10.1038/323533a0},
  DOI = {10.1038/323533a0},
  number = {6088},
  journal = {Nature},
  publisher = {Springer Science and Business Media LLC},
  author = {Rumelhart,  David E. and Hinton,  Geoffrey E. and Williams,  Ronald J.},
  year = {1986},
  month = oct,
  pages = {533–536}
}
@misc{adam,
      title={Adam: A Method for Stochastic Optimization}, 
      author={Diederik P. Kingma and Jimmy Ba},
      year={2017},
      eprint={1412.6980},
      archivePrefix={arXiv},
      primaryClass={cs.LG}
}


@article{gaia,
   title={GaiaData Release 3: Summary of the content and survey properties},
   volume={674},
   ISSN={1432-0746},
   url={http://dx.doi.org/10.1051/0004-6361/202243940},
   DOI={10.1051/0004-6361/202243940},
   journal={Astronomy and Astrophysics},
   publisher={EDP Sciences},
   author={Vallenari, A. and Brown, A. G. A. and Prusti, T. and de Bruijne, J. H. J. and Arenou, F. and Babusiaux, C. and Biermann, M. and Creevey, O. L. and Ducourant, C. and Evans, D. W. and Eyer, L. and Guerra, R. and Hutton, A. and Jordi, C. and Klioner, S. A. and Lammers, U. L. and Lindegren, L. and Luri, X. and Mignard, F. and Panem, C. and Pourbaix, D. and Randich, S. and Sartoretti, P. and Soubiran, C. and Tanga, P. and Walton, N. A. and Bailer-Jones, C. A. L. and Bastian, U. and Drimmel, R. and Jansen, F. and Katz, D. and Lattanzi, M. G. and van Leeuwen, F. and Bakker, J. and Cacciari, C. and Castañeda, J. and De Angeli, F. and Fabricius, C. and Fouesneau, M. and Frémat, Y. and Galluccio, L. and Guerrier, A. and Heiter, U. and Masana, E. and Messineo, R. and Mowlavi, N. and Nicolas, C. and Nienartowicz, K. and Pailler, F. and Panuzzo, P. and Riclet, F. and Roux, W. and Seabroke, G. M. and Sordo, R. and Thévenin, F. and Gracia-Abril, G. and Portell, J. and Teyssier, D. and Altmann, M. and Andrae, R. and Audard, M. and Bellas-Velidis, I. and Benson, K. and Berthier, J. and Blomme, R. and Burgess, P. W. and Busonero, D. and Busso, G. and Cánovas, H. and Carry, B. and Cellino, A. and Cheek, N. and Clementini, G. and Damerdji, Y. and Davidson, M. and de Teodoro, P. and Nuñez Campos, M. and Delchambre, L. and Dell’Oro, A. and Esquej, P. and Fernández-Hernández, J. and Fraile, E. and Garabato, D. and García-Lario, P. and Gosset, E. and Haigron, R. and Halbwachs, J.-L. and Hambly, N. C. and Harrison, D. L. and Hernández, J. and Hestroffer, D. and Hodgkin, S. T. and Holl, B. and Janßen, K. and Jevardat de Fombelle, G. and Jordan, S. and Krone-Martins, A. and Lanzafame, A. C. and Löffler, W. and Marchal, O. and Marrese, P. M. and Moitinho, A. and Muinonen, K. and Osborne, P. and Pancino, E. and Pauwels, T. and Recio-Blanco, A. and Reylé, C. and Riello, M. and Rimoldini, L. and Roegiers, T. and Rybizki, J. and Sarro, L. M. and Siopis, C. and Smith, M. and Sozzetti, A. and Utrilla, E. and van Leeuwen, M. and Abbas, U. and Ábrahám, P. and Abreu Aramburu, A. and Aerts, C. and Aguado, J. J. and Ajaj, M. and Aldea-Montero, F. and Altavilla, G. and Álvarez, M. A. and Alves, J. and Anders, F. and Anderson, R. I. and Anglada Varela, E. and Antoja, T. and Baines, D. and Baker, S. G. and Balaguer-Núñez, L. and Balbinot, E. and Balog, Z. and Barache, C. and Barbato, D. and Barros, M. and Barstow, M. A. and Bartolomé, S. and Bassilana, J.-L. and Bauchet, N. and Becciani, U. and Bellazzini, M. and Berihuete, A. and Bernet, M. and Bertone, S. and Bianchi, L. and Binnenfeld, A. and Blanco-Cuaresma, S. and Blazere, A. and Boch, T. and Bombrun, A. and Bossini, D. and Bouquillon, S. and Bragaglia, A. and Bramante, L. and Breedt, E. and Bressan, A. and Brouillet, N. and Brugaletta, E. and Bucciarelli, B. and Burlacu, A. and Butkevich, A. G. and Buzzi, R. and Caffau, E. and Cancelliere, R. and Cantat-Gaudin, T. and Carballo, R. and Carlucci, T. and Carnerero, M. I. and Carrasco, J. M. and Casamiquela, L. and Castellani, M. and Castro-Ginard, A. and Chaoul, L. and Charlot, P. and Chemin, L. and Chiaramida, V. and Chiavassa, A. and Chornay, N. and Comoretto, G. and Contursi, G. and Cooper, W. J. and Cornez, T. and Cowell, S. and Crifo, F. and Cropper, M. and Crosta, M. and Crowley, C. and Dafonte, C. and Dapergolas, A. and David, M. and David, P. and de Laverny, P. and De Luise, F. and De March, R. and De Ridder, J. and de Souza, R. and de Torres, A. and del Peloso, E. F. and del Pozo, E. and Delbo, M. and Delgado, A. and Delisle, J.-B. and Demouchy, C. and Dharmawardena, T. E. and Di Matteo, P. and Diakite, S. and Diener, C. and Distefano, E. and Dolding, C. and Edvardsson, B. and Enke, H. and Fabre, C. and Fabrizio, M. and Faigler, S. and Fedorets, G. and Fernique, P. and Fienga, A. and Figueras, F. and Fournier, Y. and Fouron, C. and Fragkoudi, F. and Gai, M. and Garcia-Gutierrez, A. and Garcia-Reinaldos, M. and García-Torres, M. and Garofalo, A. and Gavel, A. and Gavras, P. and Gerlach, E. and Geyer, R. and Giacobbe, P. and Gilmore, G. and Girona, S. and Giuffrida, G. and Gomel, R. and Gomez, A. and González-Núñez, J. and González-Santamaría, I. and González-Vidal, J. J. and Granvik, M. and Guillout, P. and Guiraud, J. and Gutiérrez-Sánchez, R. and Guy, L. P. and Hatzidimitriou, D. and Hauser, M. and Haywood, M. and Helmer, A. and Helmi, A. and Sarmiento, M. H. and Hidalgo, S. L. and Hilger, T. and Hładczuk, N. and Hobbs, D. and Holland, G. and Huckle, H. E. and Jardine, K. and Jasniewicz, G. and Jean-Antoine Piccolo, A. and Jiménez-Arranz, Ó. and Jorissen, A. and Juaristi Campillo, J. and Julbe, F. and Karbevska, L. and Kervella, P. and Khanna, S. and Kontizas, M. and Kordopatis, G. and Korn, A. J. and Kóspál, Á and Kostrzewa-Rutkowska, Z. and Kruszyńska, K. and Kun, M. and Laizeau, P. and Lambert, S. and Lanza, A. F. and Lasne, Y. and Le Campion, J.-F. and Lebreton, Y. and Lebzelter, T. and Leccia, S. and Leclerc, N. and Lecoeur-Taibi, I. and Liao, S. and Licata, E. L. and Lindstrøm, H. E. P. and Lister, T. A. and Livanou, E. and Lobel, A. and Lorca, A. and Loup, C. and Madrero Pardo, P. and Magdaleno Romeo, A. and Managau, S. and Mann, R. G. and Manteiga, M. and Marchant, J. M. and Marconi, M. and Marcos, J. and Marcos Santos, M. M. S. and Marín Pina, D. and Marinoni, S. and Marocco, F. and Marshall, D. J. and Martin Polo, L. and Martín-Fleitas, J. M. and Marton, G. and Mary, N. and Masip, A. and Massari, D. and Mastrobuono-Battisti, A. and Mazeh, T. and McMillan, P. J. and Messina, S. and Michalik, D. and Millar, N. R. and Mints, A. and Molina, D. and Molinaro, R. and Molnár, L. and Monari, G. and Monguió, M. and Montegriffo, P. and Montero, A. and Mor, R. and Mora, A. and Morbidelli, R. and Morel, T. and Morris, D. and Muraveva, T. and Murphy, C. P. and Musella, I. and Nagy, Z. and Noval, L. and Ocaña, F. and Ogden, A. and Ordenovic, C. and Osinde, J. O. and Pagani, C. and Pagano, I. and Palaversa, L. and Palicio, P. A. and Pallas-Quintela, L. and Panahi, A. and Payne-Wardenaar, S. and Peñalosa Esteller, X. and Penttilä, A. and Pichon, B. and Piersimoni, A. M. and Pineau, F.-X. and Plachy, E. and Plum, G. and Poggio, E. and Prša, A. and Pulone, L. and Racero, E. and Ragaini, S. and Rainer, M. and Raiteri, C. M. and Rambaux, N. and Ramos, P. and Ramos-Lerate, M. and Re Fiorentin, P. and Regibo, S. and Richards, P. J. and Rios Diaz, C. and Ripepi, V. and Riva, A. and Rix, H.-W. and Rixon, G. and Robichon, N. and Robin, A. C. and Robin, C. and Roelens, M. and Rogues, H. R. O. and Rohrbasser, L. and Romero-Gómez, M. and Rowell, N. and Royer, F. and Ruz Mieres, D. and Rybicki, K. A. and Sadowski, G. and Sáez Núñez, A. and Sagristà Sellés, A. and Sahlmann, J. and Salguero, E. and Samaras, N. and Sanchez Gimenez, V. and Sanna, N. and Santoveña, R. and Sarasso, M. and Schultheis, M. and Sciacca, E. and Segol, M. and Segovia, J. C. and Ségransan, D. and Semeux, D. and Shahaf, S. and Siddiqui, H. I. and Siebert, A. and Siltala, L. and Silvelo, A. and Slezak, E. and Slezak, I. and Smart, R. L. and Snaith, O. N. and Solano, E. and Solitro, F. and Souami, D. and Souchay, J. and Spagna, A. and Spina, L. and Spoto, F. and Steele, I. A. and Steidelmüller, H. and Stephenson, C. A. and Süveges, M. and Surdej, J. and Szabados, L. and Szegedi-Elek, E. and Taris, F. and Taylor, M. B. and Teixeira, R. and Tolomei, L. and Tonello, N. and Torra, F. and Torra, J. and Torralba Elipe, G. and Trabucchi, M. and Tsounis, A. T. and Turon, C. and Ulla, A. and Unger, N. and Vaillant, M. V. and van Dillen, E. and van Reeven, W. and Vanel, O. and Vecchiato, A. and Viala, Y. and Vicente, D. and Voutsinas, S. and Weiler, M. and Wevers, T. and Wyrzykowski, Ł. and Yoldas, A. and Yvard, P. and Zhao, H. and Zorec, J. and Zucker, S. and Zwitter, T.},
   year={2023},
   month=jun, pages={A1} }


@article{SN_year,
   title={ABSOLUTE-MAGNITUDE DISTRIBUTIONS OF SUPERNOVAE},
   volume={147},
   ISSN={1538-3881},
   url={http://dx.doi.org/10.1088/0004-6256/147/5/118},
   DOI={10.1088/0004-6256/147/5/118},
   number={5},
   journal={The Astronomical Journal},
   publisher={American Astronomical Society},
   author={Richardson, Dean and Jenkins III, Robert L. and Wright, John and Maddox, Larry},
   year={2014},
   month=apr, pages={118} }



@misc{wdm_from_field,
      title={Inferring Warm Dark Matter Masses with Deep Learning}, 
      author={Jonah C. Rose and Paul Torrey and Francisco Villaescusa-Navarro and Mark Vogelsberger and Stephanie O'Neil and Mikhail V. Medvedev and Ryan Low and Rakshak Adhikari and Daniel Angles-Alcazar},
      year={2023},
      eprint={2304.14432},
      archivePrefix={arXiv},
      primaryClass={astro-ph.CO}
}


@misc{lynna,
      title={Ly$\alpha$NNA: A Deep Learning Field-level Inference Machine for the Lyman-$\alpha$ Forest}, 
      author={Parth Nayak and Michael Walther and Daniel Gruen and Sreyas Adiraju},
      year={2023},
      eprint={2311.02167},
      archivePrefix={arXiv},
      primaryClass={astro-ph.CO}
}

@ARTICLE{eboss,
       author = {{Ahumada}, Romina and {Allende Prieto}, Carlos and {Almeida}, Andr{\'e}s and {Anders}, Friedrich and {Anderson}, Scott F. and {Andrews}, Brett H. and {Anguiano}, Borja and {Arcodia}, Riccardo and {Armengaud}, Eric and {Aubert}, Marie and {Avila}, Santiago and {Avila-Reese}, Vladimir and {Badenes}, Carles and {Balland}, Christophe and {Barger}, Kat and {Barrera-Ballesteros}, Jorge K. and {Basu}, Sarbani and {Bautista}, Julian and {Beaton}, Rachael L. and {Beers}, Timothy C. and {Benavides}, B. Izamar T. and {Bender}, Chad F. and {Bernardi}, Mariangela and {Bershady}, Matthew and {Beutler}, Florian and {Bidin}, Christian Moni and {Bird}, Jonathan and {Bizyaev}, Dmitry and {Blanc}, Guillermo A. and {Blanton}, Michael R. and {Boquien}, M{\'e}d{\'e}ric and {Borissova}, Jura and {Bovy}, Jo and {Brandt}, W.~N. and {Brinkmann}, Jonathan and {Brownstein}, Joel R. and {Bundy}, Kevin and {Bureau}, Martin and {Burgasser}, Adam and {Burtin}, Etienne and {Cano-D{\'\i}az}, Mariana and {Capasso}, Raffaella and {Cappellari}, Michele and {Carrera}, Ricardo and {Chabanier}, Sol{\`e}ne and {Chaplin}, William and {Chapman}, Michael and {Cherinka}, Brian and {Chiappini}, Cristina and {Doohyun Choi}, Peter and {Chojnowski}, S. Drew and {Chung}, Haeun and {Clerc}, Nicolas and {Coffey}, Damien and {Comerford}, Julia M. and {Comparat}, Johan and {da Costa}, Luiz and {Cousinou}, Marie-Claude and {Covey}, Kevin and {Crane}, Jeffrey D. and {Cunha}, Katia and {Ilha}, Gabriele da Silva and {Dai}, Yu Sophia and {Damsted}, Sanna B. and {Darling}, Jeremy and {Davidson}, James W., Jr. and {Davies}, Roger and {Dawson}, Kyle and {De}, Nikhil and {de la Macorra}, Axel and {De Lee}, Nathan and {Queiroz}, Anna B{\'a}rbara de Andrade and {Deconto Machado}, Alice and {de la Torre}, Sylvain and {Dell'Agli}, Flavia and {du Mas des Bourboux}, H{\'e}lion and {Diamond-Stanic}, Aleksandar M. and {Dillon}, Sean and {Donor}, John and {Drory}, Niv and {Duckworth}, Chris and {Dwelly}, Tom and {Ebelke}, Garrett and {Eftekharzadeh}, Sarah and {Davis Eigenbrot}, Arthur and {Elsworth}, Yvonne P. and {Eracleous}, Mike and {Erfanianfar}, Ghazaleh and {Escoffier}, Stephanie and {Fan}, Xiaohui and {Farr}, Emily and {Fern{\'a}ndez-Trincado}, Jos{\'e} G. and {Feuillet}, Diane and {Finoguenov}, Alexis and {Fofie}, Patricia and {Fraser-McKelvie}, Amelia and {Frinchaboy}, Peter M. and {Fromenteau}, Sebastien and {Fu}, Hai and {Galbany}, Llu{\'\i}s and {Garcia}, Rafael A. and {Garc{\'\i}a-Hern{\'a}ndez}, D.~A. and {Garma Oehmichen}, Luis Alberto and {Ge}, Junqiang and {Geimba Maia}, Marcio Antonio and {Geisler}, Doug and {Gelfand}, Joseph and {Goddy}, Julian and {Gonzalez-Perez}, Violeta and {Grabowski}, Kathleen and {Green}, Paul and {Grier}, Catherine J. and {Guo}, Hong and {Guy}, Julien and {Harding}, Paul and {Hasselquist}, Sten and {Hawken}, Adam James and {Hayes}, Christian R. and {Hearty}, Fred and {Hekker}, S. and {Hogg}, David W. and {Holtzman}, Jon A. and {Horta}, Danny and {Hou}, Jiamin and {Hsieh}, Bau-Ching and {Huber}, Daniel and {Hunt}, Jason A.~S. and {Ider Chitham}, J. and {Imig}, Julie and {Jaber}, Mariana and {Jimenez Angel}, Camilo Eduardo and {Johnson}, Jennifer A. and {Jones}, Amy M. and {J{\"o}nsson}, Henrik and {Jullo}, Eric and {Kim}, Yerim and {Kinemuchi}, Karen and {Kirkpatrick}, Charles C., IV and {Kite}, George W. and {Klaene}, Mark and {Kneib}, Jean-Paul and {Kollmeier}, Juna A. and {Kong}, Hui and {Kounkel}, Marina and {Krishnarao}, Dhanesh and {Lacerna}, Ivan and {Lan}, Ting-Wen and {Lane}, Richard R. and {Law}, David R. and {Le Goff}, Jean-Marc and {Leung}, Henry W. and {Lewis}, Hannah and {Li}, Cheng and {Lian}, Jianhui and {Lin}, Lihwai and {Long}, Dan and {Longa-Pe{\~n}a}, Pen{\'e}lope and {Lundgren}, Britt and {Lyke}, Brad W. and {Mackereth}, J. Ted and {MacLeod}, Chelsea L. and {Majewski}, Steven R. and {Manchado}, Arturo and {Maraston}, Claudia and {Martini}, Paul and {Masseron}, Thomas and {Masters}, Karen L. and {Mathur}, Savita and {McDermid}, Richard M. and {Merloni}, Andrea and {Merrifield}, Michael and {M{\'e}sz{\'a}ros}, Szabolcs and {Miglio}, Andrea and {Minniti}, Dante and {Minsley}, Rebecca and {Miyaji}, Takamitsu and {Mohammad}, Faizan Gohar and {Mosser}, Benoit and {Mueller}, Eva-Maria and {Muna}, Demitri and {Mu{\~n}oz-Guti{\'e}rrez}, Andrea and {Myers}, Adam D. and {Nadathur}, Seshadri and {Nair}, Preethi and {Nandra}, Kirpal and {Correa do Nascimento}, Janaina and {Nevin}, Rebecca Jean and {Newman}, Jeffrey A. and {Nidever}, David L. and {Nitschelm}, Christian and {Noterdaeme}, Pasquier and {O'Connell}, Julia E. and {Olmstead}, Matthew D. and {Oravetz}, Daniel and {Oravetz}, Audrey and {Osorio}, Yeisson and {Pace}, Zachary J. and {Padilla}, Nelson and {Palanque-Delabrouille}, Nathalie and {Palicio}, Pedro A. and {Pan}, Hsi-An and {Pan}, Kaike and {Parker}, James and {Paviot}, Romain and {Peirani}, Sebastien and {Ram{\'r}ez}, Karla Pe{\~n}a and {Penny}, Samantha and {Percival}, Will J. and {Perez-Fournon}, Ismael and {P{\'e}rez-R{\`a}fols}, Ignasi and {Petitjean}, Patrick and {Pieri}, Matthew M. and {Pinsonneault}, Marc and {Poovelil}, Vijith Jacob and {Povick}, Joshua Tyler and {Prakash}, Abhishek and {Price-Whelan}, Adrian M. and {Raddick}, M. Jordan and {Raichoor}, Anand and {Ray}, Amy and {Rembold}, Sandro Barboza and {Rezaie}, Mehdi and {Riffel}, Rogemar A. and {Riffel}, Rog{\'e}rio and {Rix}, Hans-Walter and {Robin}, Annie C. and {Roman-Lopes}, A. and {Rom{\'a}n-Z{\'u}{\~n}iga}, Carlos and {Rose}, Benjamin and {Ross}, Ashley J. and {Rossi}, Graziano and {Rowlands}, Kate and {Rubin}, Kate H.~R. and {Salvato}, Mara and {S{\'a}nchez}, Ariel G. and {S{\'a}nchez-Menguiano}, Laura and {S{\'a}nchez-Gallego}, Jos{\'e} R. and {Sayres}, Conor and {Schaefer}, Adam and {Schiavon}, Ricardo P. and {Schimoia}, Jaderson S. and {Schlafly}, Edward and {Schlegel}, David and {Schneider}, Donald P. and {Schultheis}, Mathias and {Schwope}, Axel and {Seo}, Hee-Jong and {Serenelli}, Aldo and {Shafieloo}, Arman and {Shamsi}, Shoaib Jamal and {Shao}, Zhengyi and {Shen}, Shiyin and {Shetrone}, Matthew and {Shirley}, Raphael and {Silva Aguirre}, V{\'\i}ctor and {Simon}, Joshua D. and {Skrutskie}, M.~F. and {Slosar}, An{\v{z}}e and {Smethurst}, Rebecca and {Sobeck}, Jennifer and {Sodi}, Bernardo Cervantes and {Souto}, Diogo and {Stark}, David V. and {Stassun}, Keivan G. and {Steinmetz}, Matthias and {Stello}, Dennis and {Stermer}, Julianna and {Storchi-Bergmann}, Thaisa and {Streblyanska}, Alina and {Stringfellow}, Guy S. and {Stutz}, Amelia and {Su{\'a}rez}, Genaro and {Sun}, Jing and {Taghizadeh-Popp}, Manuchehr and {Talbot}, Michael S. and {Tayar}, Jamie and {Thakar}, Aniruddha R. and {Theriault}, Riley and {Thomas}, Daniel and {Thomas}, Zak C. and {Tinker}, Jeremy and {Tojeiro}, Rita and {Toledo}, Hector Hernandez and {Tremonti}, Christy A. and {Troup}, Nicholas W. and {Tuttle}, Sarah and {Unda-Sanzana}, Eduardo and {Valentini}, Marica and {Vargas-Gonz{\'a}lez}, Jaime and {Vargas-Maga{\~n}a}, Mariana and {V{\'a}zquez-Mata}, Jose Antonio and {Vivek}, M. and {Wake}, David and {Wang}, Yuting and {Weaver}, Benjamin Alan and {Weijmans}, Anne-Marie and {Wild}, Vivienne and {Wilson}, John C. and {Wilson}, Robert F. and {Wolthuis}, Nathan and {Wood-Vasey}, W.~M. and {Yan}, Renbin and {Yang}, Meng and {Y{\`e}che}, Christophe and {Zamora}, Olga and {Zarrouk}, Pauline and {Zasowski}, Gail and {Zhang}, Kai and {Zhao}, Cheng and {Zhao}, Gongbo and {Zheng}, Zheng and {Zheng}, Zheng and {Zhu}, Guangtun and {Zou}, Hu},
        title = "{The 16th Data Release of the Sloan Digital Sky Surveys: First Release from the APOGEE-2 Southern Survey and Full Release of eBOSS Spectra}",
      journal = {APJS},
     keywords = {Astronomy databases, Optical telescopes, Infrared astronomy, Redshift surveys, Galactic abundances, Stellar spectral lines, Stellar properties, 83, 1174, 786, 1378, 2002, 1630, 1624, Astrophysics - Astrophysics of Galaxies, Astrophysics - Cosmology and Nongalactic Astrophysics, Astrophysics - Instrumentation and Methods for Astrophysics},
         year = 2020,
        month = jul,
       volume = {249},
       number = {1},
          eid = {3},
        pages = {3},
          doi = {10.3847/1538-4365/ab929e},
archivePrefix = {arXiv},
       eprint = {1912.02905},
 primaryClass = {astro-ph.GA},
       adsurl = {https://ui.adsabs.harvard.edu/abs/2020ApJS..249....3A},
      adsnote = {Provided by the SAO/NASA Astrophysics Data System}
}

@article{MiraldaEscude_IGM,
  title = {Reionization of the Intergalactic Medium and the Damping Wing of the Gunn‐Peterson Trough},
  volume = {501},
  ISSN = {1538-4357},
  url = {http://dx.doi.org/10.1086/305799},
  DOI = {10.1086/305799},
  number = {1},
  journal = {The Astrophysical Journal},
  publisher = {American Astronomical Society},
  author = {Miralda‐Escude,  Jordi},
  year = {1998},
  month = jul,
  pages = {15–22}
}
@misc{qso_challenge,
      title={Blind QSO reconstruction challenge: Exploring methods to reconstruct the Ly$\alpha$ emission line of QSOs}, 
      author={Bradley Greig and Sarah E. I. Bosman and Frederick B. Davies and Dominika Ďurovčíková and Hassan Fathivavsari and Bin Liu and Romain A. Meyer and Zechang Sun and Valentina D'Odorico and Simona Gallerani and Andrei Mesinger and Yuan-Sen Ting},
      year={2024},
      eprint={2404.01556},
      archivePrefix={arXiv},
      primaryClass={astro-ph.CO}
}
@article{Bosman2021_pca,
  title = {A comparison of quasar emission reconstruction techniques for z $>$ 5.0 Lyman-alpha and Lyman-beta transmission},
  volume = {503},
  ISSN = {1365-2966},
  url = {http://dx.doi.org/10.1093/mnras/stab572},
  DOI = {10.1093/mnras/stab572},
  number = {2},
  journal = {Monthly Notices of the Royal Astronomical Society},
  publisher = {Oxford University Press (OUP)},
  author = {Bosman,  Sarah E I and Ďurovčíková,  Dominika and Davies,  Frederick B and Eilers,  Anna-Christina},
  year = {2021},
  month = feb,
  pages = {2077–2096}
}

@article{Liu2021,
  title = {A deep learning approach to quasar continuum prediction},
  volume = {502},
  ISSN = {1365-2966},
  url = {http://dx.doi.org/10.1093/mnras/stab177},
  DOI = {10.1093/mnras/stab177},
  number = {3},
  journal = {Monthly Notices of the Royal Astronomical Society},
  publisher = {Oxford University Press (OUP)},
  author = {Liu,  Bin and Bordoloi,  Rongmon},
  year = {2021},
  month = jan,
  pages = {3510–3532}
}

@BOOK{bishop,
  title     = "Pattern Recognition and Machine Learning",
  author    = "M., Christopher",
  publisher = "Springer",
  series    = "Information Science and Statistics",
  edition   =  1,
  month     =  aug,
  year      =  2006,
  address   = "New York, NY",
  language  = "en"
}

@book{James2021,
  title = {An Introduction to Statistical Learning: with Applications in R},
  ISBN = {9781071614181},
  ISSN = {2197-4136},
  url = {http://dx.doi.org/10.1007/978-1-0716-1418-1},
  DOI = {10.1007/978-1-0716-1418-1},
  journal = {Springer Texts in Statistics},
  publisher = {Springer US},
  author = {James,  Gareth and Witten,  Daniela and Hastie,  Trevor and Tibshirani,  Robert},
  year = {2021}
}

@misc{overfitting,
      title={Overfitting Mechanism and Avoidance in Deep Neural Networks}, 
      author={Shaeke Salman and Xiuwen Liu},
      year={2019},
      eprint={1901.06566},
      archivePrefix={arXiv},
      primaryClass={cs.LG}
}

@article{data_split,
   title={SPlit: An Optimal Method for Data Splitting},
   volume={64},
   ISSN={1537-2723},
   url={http://dx.doi.org/10.1080/00401706.2021.1921037},
   DOI={10.1080/00401706.2021.1921037},
   number={2},
   journal={Technometrics},
   publisher={Informa UK Limited},
   author={Joseph, V. Roshan and Vakayil, Akhil},
   year={2021},
   month=jun, pages={166–176} }

@article{cross_validation,
  title = {Cross-Validation Methods},
  volume = {44},
  ISSN = {0022-2496},
  url = {http://dx.doi.org/10.1006/jmps.1999.1279},
  DOI = {10.1006/jmps.1999.1279},
  number = {1},
  journal = {Journal of Mathematical Psychology},
  publisher = {Elsevier BV},
  author = {Browne,  Michael W},
  year = {2000},
  month = mar,
  pages = {108–132}
}

@article{data_augmentation,
  title = {A survey on Image Data Augmentation for Deep Learning},
  volume = {6},
  ISSN = {2196-1115},
  url = {http://dx.doi.org/10.1186/s40537-019-0197-0},
  DOI = {10.1186/s40537-019-0197-0},
  number = {1},
  journal = {Journal of Big Data},
  publisher = {Springer Science and Business Media LLC},
  author = {Shorten,  Connor and Khoshgoftaar,  Taghi M.},
  year = {2019},
  month = jul 
}

@misc{residual_paper,
      title={Deep Residual Learning for Image Recognition}, 
      author={Kaiming He and Xiangyu Zhang and Shaoqing Ren and Jian Sun},
      year={2015},
      eprint={1512.03385},
      archivePrefix={arXiv},
      primaryClass={cs.CV}
}

@misc{ioffe2015batch,
      title={Batch Normalization: Accelerating Deep Network Training by Reducing Internal Covariate Shift}, 
      author={Sergey Ioffe and Christian Szegedy},
      year={2015},
      eprint={1502.03167},
      archivePrefix={arXiv},
      primaryClass={cs.LG}
}

@article{bayesian_stat,
  title = {Bayesian inference in physics},
  author = {von Toussaint, Udo},
  journal = {Rev. Mod. Phys.},
  volume = {83},
  issue = {3},
  pages = {943--999},
  numpages = {0},
  year = {2011},
  publisher = {American Physical Society},
  doi = {10.1103/RevModPhys.83.943},
  url = {https://link.aps.org/doi/10.1103/RevModPhys.83.943}
}

@article{BNN_review,
   title={Hands-On Bayesian Neural Networks—A Tutorial for Deep Learning Users},
   volume={17},
   ISSN={1556-6048},
   url={http://dx.doi.org/10.1109/MCI.2022.3155327},
   DOI={10.1109/mci.2022.3155327},
   number={2},
   journal={IEEE Computational Intelligence Magazine},
   publisher={Institute of Electrical and Electronics Engineers (IEEE)},
   author={Jospin, Laurent Valentin and Laga, Hamid and Boussaid, Farid and Buntine, Wray and Bennamoun, Mohammed},
   year={2022},
   month=may, pages={29–48} }

@inbook{ensemble,
  title = {Ensemble Methods in Machine Learning},
  ISBN = {9783540450146},
  ISSN = {0302-9743},
  url = {http://dx.doi.org/10.1007/3-540-45014-9_1},
  DOI = {10.1007/3-540-45014-9_1},
  booktitle = {Lecture Notes in Computer Science},
  publisher = {Springer Berlin Heidelberg},
  author = {Dietterich,  Thomas G.},
  year = {2000},
  pages = {1–15}
}

@inproceedings{optuna_2019,
    title={Optuna: A Next-generation Hyperparameter Optimization Framework},
    author={Akiba, Takuya and Sano, Shotaro and Yanase, Toshihiko and Ohta, Takeru and Koyama, Masanori},
    booktitle={Proceedings of the 25th {ACM} {SIGKDD} International Conference on Knowledge Discovery and Data Mining},
    year={2019}
}

@inproceedings{TPE, author = {Bergstra, James and Bardenet, R\'{e}mi and Bengio, Yoshua and K\'{e}gl, Bal\'{a}zs}, title = {Algorithms for hyper-parameter optimization}, year = {2011}, isbn = {9781618395993}, publisher = {Curran Associates Inc.}, address = {Red Hook, NY, USA}, abstract = {Several recent advances to the state of the art in image classification benchmarks have come from better configurations of existing techniques rather than novel approaches to feature learning. Traditionally, hyper-parameter optimization has been the job of humans because they can be very efficient in regimes where only a few trials are possible. Presently, computer clusters and GPU processors make it possible to run more trials and we show that algorithmic approaches can find better results. We present hyper-parameter optimization results on tasks of training neural networks and deep belief networks (DBNs). We optimize hyper-parameters using random search and two new greedy sequential methods based on the expected improvement criterion. Random search has been shown to be sufficiently efficient for learning neural networks for several datasets, but we show it is unreliable for training DBNs. The sequential algorithms are applied to the most difficult DBN learning problems from [1] and find significantly better results than the best previously reported. This work contributes novel techniques for making response surface models P(y|x) in which many elements of hyper-parameter assignment (x) are known to be irrelevant given particular values of other elements.}, booktitle = {Proceedings of the 24th International Conference on Neural Information Processing Systems}, pages = {2546–2554}, numpages = {9}, location = {Granada, Spain}, series = {NIPS'11} }


@misc{nasir2024deep,
      title={Deep Learning the Intergalactic Medium using Lyman-alpha Forest at $ 4 \leq z \leq 5$}, 
      author={Fahad Nasir and Prakash Gaikwad and Frederick B. Davies and James S. Bolton and Ewald Puchwein and Sarah E. I. Bosman},
      year={2024},
      eprint={2404.05794},
      archivePrefix={arXiv},
      primaryClass={astro-ph.CO}
}




@ARTICLE{sherwood_wdm,
       author = {{Ir{\v{s}}i{\v{c}}}, Vid and {Viel}, Matteo and {Haehnelt}, Martin G. and {Bolton}, James S. and {Molaro}, Margherita and {Puchwein}, Ewald and {Boera}, Elisa and {Becker}, George D. and {Gaikwad}, Prakash and {Keating}, Laura C. and {Kulkarni}, Girish},
        title = "{Unveiling dark matter free streaming at the smallest scales with the high redshift Lyman-alpha forest}",
      journal = {PRD},
     keywords = {Astrophysics - Cosmology and Nongalactic Astrophysics, High Energy Physics - Phenomenology, High Energy Physics - Theory},
         year = 2024,
        month = feb,
       volume = {109},
       number = {4},
          eid = {043511},
        pages = {043511},
          doi = {10.1103/PhysRevD.109.043511},
archivePrefix = {arXiv},
       eprint = {2309.04533},
 primaryClass = {astro-ph.CO},
       adsurl = {https://ui.adsabs.harvard.edu/abs/2024PhRvD.109d3511I},
      adsnote = {Provided by the SAO/NASA Astrophysics Data System}
}

@INPROCEEDINGS{UVES,
       author = {{D'Odorico}, Sandro and {Cristiani}, Stefano and {Dekker}, Hans and {Hill}, Vanessa and {Kaufer}, Andreas and {Kim}, Taesun and {Primas}, Francesca},
        title = "{Performance of UVES, the echelle spectrograph for the ESO VLT and highlights of the first observations of stars and quasars}",
    booktitle = {Discoveries and Research Prospects from 8- to 10-Meter-Class Telescopes},
         year = 2000,
       editor = {{Bergeron}, Jacqueline},
       series = {Society of Photo-Optical Instrumentation Engineers (SPIE) Conference Series},
       volume = {4005},
        month = jun,
        pages = {121-130},
          doi = {10.1117/12.390133},
       adsurl = {https://ui.adsabs.harvard.edu/abs/2000SPIE.4005..121D},
      adsnote = {Provided by the SAO/NASA Astrophysics Data System}
}

@article{Becker_mean_flux,
   title={A refined measurement of the mean transmitted flux in the Ly-alpha forest over $2<z<5$ using composite quasar spectra},
   volume={430},
   ISSN={1365-2966},
   url={http://dx.doi.org/10.1093/mnras/stt031},
   DOI={10.1093/mnras/stt031},
   number={3},
   journal={Monthly Notices of the Royal Astronomical Society},
   publisher={Oxford University Press (OUP)},
   author={Becker, George D. and Hewett, Paul C. and Worseck, Gábor and Prochaska, J. Xavier},
   year={2013},
   month=feb, pages={2067–2081} }


@misc{shwartzziv2017opening,
      title={Opening the Black Box of Deep Neural Networks via Information}, 
      author={Ravid Shwartz-Ziv and Naftali Tishby},
      year={2017},
      eprint={1703.00810},
      archivePrefix={arXiv},
      primaryClass={cs.LG}
}


@misc{buhrmester2019analysis,
      title={Analysis of Explainers of Black Box Deep Neural Networks for Computer Vision: A Survey}, 
      author={Vanessa Buhrmester and David Münch and Michael Arens},
      year={2019},
      eprint={1911.12116},
      archivePrefix={arXiv},
      primaryClass={cs.AI}
}

@article{Charnock_2018,
   title={Automatic physical inference with information maximizing neural networks},
   volume={97},
   ISSN={2470-0029},
   url={http://dx.doi.org/10.1103/PhysRevD.97.083004},
   DOI={10.1103/physrevd.97.083004},
   number={8},
   journal={Physical Review D},
   publisher={American Physical Society (APS)},
   author={Charnock, Tom and Lavaux, Guilhem and Wandelt, Benjamin D.},
   year={2018},
   month=apr }

@misc{ly2017tutorialfisherinformation,
      title={A Tutorial on Fisher Information}, 
      author={Alexander Ly and Maarten Marsman and Josine Verhagen and Raoul Grasman and Eric-Jan Wagenmakers},
      year={2017},
      eprint={1705.01064},
      archivePrefix={arXiv},
      primaryClass={math.ST},
      url={https://arxiv.org/abs/1705.01064}, 
}

@misc{maitra2024parameterestimationlyalphaforest,
      title={Parameter estimation from Ly$\alpha$ forest in Fourier space using Information Maximising Neural Network}, 
      author={Soumak Maitra and Stefano Cristiani and Matteo Viel and Roberto Trotta and Guido Cupani},
      year={2024},
      eprint={2404.04327},
      archivePrefix={arXiv},
      primaryClass={astro-ph.CO},
      url={https://arxiv.org/abs/2404.04327}, 
}

@misc{review_ABC,
      title={A review of Approximate Bayesian Computation methods via density estimation: inference for simulator-models}, 
      author={Clara Grazian and Yanan Fan},
      year={2019},
      eprint={1909.02736},
      archivePrefix={arXiv},
      primaryClass={stat.CO},
      url={https://arxiv.org/abs/1909.02736}, 
}


@article{Villasenor_2023,
   title={New constraints on warm dark matter from the Lyman-alpha forest power spectrum},
   volume={108},
   ISSN={2470-0029},
   url={http://dx.doi.org/10.1103/PhysRevD.108.023502},
   DOI={10.1103/physrevd.108.023502},
   number={2},
   journal={Physical Review D},
   publisher={American Physical Society (APS)},
   author={Villasenor, Bruno and Robertson, Brant and Madau, Piero and Schneider, Evan},
   year={2023},
   month=jul }


@article{Becker_2010,
   title={Detection of extended HeII reionization in the temperature evolution of the intergalactic medium: IGM temperatures over 2 < z < 5},
   volume={410},
   ISSN={0035-8711},
   url={http://dx.doi.org/10.1111/j.1365-2966.2010.17507.x},
   DOI={10.1111/j.1365-2966.2010.17507.x},
   number={2},
   journal={Monthly Notices of the Royal Astronomical Society},
   publisher={Oxford University Press (OUP)},
   author={Becker, George D. and Bolton, James S. and Haehnelt, Martin G. and Sargent, Wallace L. W.},
   year={2010},
   month=nov, pages={1096–1112} }

   @article{Boera_2019,
   title={Revealing Reionization with the Thermal History of the Intergalactic Medium: New Constraints from the Ly-alpha Flux Power Spectrum},
   volume={872},
   ISSN={1538-4357},
   url={http://dx.doi.org/10.3847/1538-4357/aafee4},
   DOI={10.3847/1538-4357/aafee4},
   number={1},
   journal={The Astrophysical Journal},
   publisher={American Astronomical Society},
   author={Boera, Elisa and Becker, George D. and Bolton, James S. and Nasir, Fahad},
   year={2019},
   month=feb, pages={101} }


@article{Gaikwad_2021,
   title={A consistent and robust measurement of the thermal state of the IGM at 2 < z < 4 from a large sample of Ly-alpha forest spectra: evidence for late and rapid HeIIreionization},
   volume={506},
   ISSN={1365-2966},
   url={http://dx.doi.org/10.1093/mnras/stab2017},
   DOI={10.1093/mnras/stab2017},
   number={3},
   journal={Monthly Notices of the Royal Astronomical Society},
   publisher={Oxford University Press (OUP)},
   author={Gaikwad, Prakash and Srianand, Raghunathan and Haehnelt, Martin G and Choudhury, Tirthankar Roy},
   year={2021},
   month=jul, pages={4389–4412} }

@BOOK{numerical_recipees_c,
  title     = "Numerical Recipes in {C} book set: Numerical Recipes in C: The
               Art of Scientific Computing",
  author    = "{William H. Press} and Flannery, Brian P and Teukolsky, Saul A
               and Vetterling, William T",
  publisher = "Cambridge University Press",
  edition   =  2,
  month     =  oct,
  year      =  1992,
  address   = "Cambridge, England"
}


@article{Murphy_2018,
   title={The UVES Spectral Quasar Absorption Database (SQUAD) data release 1: the first 10 million seconds},
   volume={482},
   ISSN={1365-2966},
   url={http://dx.doi.org/10.1093/mnras/sty2834},
   DOI={10.1093/mnras/sty2834},
   number={3},
   journal={Monthly Notices of the Royal Astronomical Society},
   publisher={Oxford University Press (OUP)},
   author={Murphy, Michael T and Kacprzak, Glenn G and Savorgnan, Giulia A D and Carswell, Robert F},
   year={2018},
   month=oct, pages={3458–3479} }


@article{Almgren_2013,
   title={Nyx: A MASSIVELY PARALLEL AMR CODE FOR COMPUTATIONAL COSMOLOGY},
   volume={765},
   ISSN={1538-4357},
   url={http://dx.doi.org/10.1088/0004-637X/765/1/39},
   DOI={10.1088/0004-637x/765/1/39},
   number={1},
   journal={The Astrophysical Journal},
   publisher={American Astronomical Society},
   author={Almgren, Ann S. and Bell, John B. and Lijewski, Mike J. and Lukić, Zarija and Van Andel, Ethan},
   year={2013},
   month=feb, pages={39} }




@article{Murphy_2018,
   title={The UVES Spectral Quasar Absorption Database (SQUAD) data release 1: the first 10 million seconds},
   volume={482},
   ISSN={1365-2966},
   url={http://dx.doi.org/10.1093/mnras/sty2834},
   DOI={10.1093/mnras/sty2834},
   number={3},
   journal={Monthly Notices of the Royal Astronomical Society},
   publisher={Oxford University Press (OUP)},
   author={Murphy, Michael T and Kacprzak, Glenn G and Savorgnan, Giulia A D and Carswell, Robert F},
   year={2018},
   month=oct, pages={3458–3479} }


   @article{Wang_2015,
   title={AN ULTRA-LUMINOUS QUASAR AT
                    z
                    = 5.363 WITH A TEN BILLION SOLAR MASS BLACK HOLE},
   volume={807},
   ISSN={2041-8213},
   url={http://dx.doi.org/10.1088/2041-8205/807/1/L9},
   DOI={10.1088/2041-8205/807/1/l9},
   number={1},
   journal={The Astrophysical Journal},
   publisher={American Astronomical Society},
   author={Wang, Feige and Wu, Xue-Bing and Fan, Xiaohui and Yang, Jinyi and Cai, Zheng and Yi, Weimin and Zuo, Wenwen and Wang, Ran and McGreer, Ian D. and Ho, Luis C. and Kim, Minjin and Yang, Qian and Bian, Fuyan and Jiang, Linhua},
   year={2015},
   month=jun, pages={L9} }


@misc{wolfson2023forecastingconstraintshighzigm,
      title={Forecasting constraints on the high-z IGM thermal state from the Lyman-$\alpha$ forest flux auto-correlation function}, 
      author={Molly Wolfson and Joseph F. Hennawi and Frederick B. Davies and Zarija Lukić and Jose Oñorbe},
      year={2023},
      eprint={2309.05647},
      archivePrefix={arXiv},
      primaryClass={astro-ph.CO},
      url={https://arxiv.org/abs/2309.05647}, 
}


@InProceedings{explaiNN,
  title = 	 {What’s in the Box? Exploring the Inner Life of Neural Networks with Robust Rules},
  author =       {Fischer, Jonas and Olah, Anna and Vreeken, Jilles},
  booktitle = 	 {Proceedings of the 38th International Conference on Machine Learning},
  pages = 	 {3352--3362},
  year = 	 {2021},
  editor = 	 {Meila, Marina and Zhang, Tong},
  volume = 	 {139},
  series = 	 {Proceedings of Machine Learning Research},
  publisher =    {PMLR},
  pdf = 	 {http://proceedings.mlr.press/v139/fischer21b/fischer21b.pdf},
  url = 	 {https://proceedings.mlr.press/v139/fischer21b.html},
  abstract = 	 {We propose a novel method for exploring how neurons within neural networks interact. In particular, we consider activation values of a network for given data, and propose to mine noise-robust rules of the form X {\rightarrow} Y , where X and Y are sets of neurons in different layers. We identify the best set of rules by the Minimum Description Length Principle as the rules that together are most descriptive of the activation data. To learn good rule sets in practice, we propose the unsupervised ExplaiNN algorithm. Extensive evaluation shows that the patterns it discovers give clear insight in how networks perceive the world: they identify shared, respectively class-specific traits, compositionality within the network, as well as locality in convolutional layers. Moreover, these patterns are not only easily interpretable, but also supercharge prototyping as they identify which groups of neurons to consider in unison.}
}


@misc{pruning,
      title={Not all tickets are equal and we know it: Guiding pruning with domain-specific knowledge}, 
      author={Intekhab Hossain and Jonas Fischer and Rebekka Burkholz and John Quackenbush},
      year={2024},
      eprint={2403.04805},
      archivePrefix={arXiv},
      primaryClass={cs.LG},
      url={https://arxiv.org/abs/2403.04805}, 
}

@article{Kreiss2011,
  title = {Bootstrap methods for dependent data: A review},
  volume = {40},
  ISSN = {1226-3192},
  url = {http://dx.doi.org/10.1016/j.jkss.2011.08.009},
  DOI = {10.1016/j.jkss.2011.08.009},
  number = {4},
  journal = {Journal of the Korean Statistical Society},
  publisher = {Springer Science and Business Media LLC},
  author = {Kreiss,  Jens-Peter and Paparoditis,  Efstathios},
  year = {2011},
  month = dec,
  pages = {357–378}
}
@article{Bosman_2022,
   title={Hydrogen reionization ends by z = 5.3: Lyman-alpha optical depth measured by the XQR-30 sample},
   volume={514},
   ISSN={1365-2966},
   url={http://dx.doi.org/10.1093/mnras/stac1046},
   DOI={10.1093/mnras/stac1046},
   number={1},
   journal={Monthly Notices of the Royal Astronomical Society},
   publisher={Oxford University Press (OUP)},
   author={Bosman, Sarah E I and Davies, Frederick B and Becker, George D and Keating, Laura C and Davies, Rebecca L and Zhu, Yongda and Eilers, Anna-Christina and D’Odorico, Valentina and Bian, Fuyan and Bischetti, Manuela and Cristiani, Stefano V and Fan, Xiaohui and Farina, Emanuele P and Haehnelt, Martin G and Hennawi, Joseph F and Kulkarni, Girish and Mesinger, Andrei and Meyer, Romain A and Onoue, Masafusa and Pallottini, Andrea and Qin, Yuxiang and Ryan-Weber, Emma and Schindler, Jan-Torge and Walter, Fabian and Wang, Feige and Yang, Jinyi},
   year={2022},
   month=jun, pages={55–76} }


@article{Hernquist__1996,
   title={The Lyman-Alpha Forest in the Cold Dark Matter Model},
   volume={457},
   ISSN={0004-637X},
   url={http://dx.doi.org/10.1086/309899},
   DOI={10.1086/309899},
   number={2},
   journal={The Astrophysical Journal},
   publisher={American Astronomical Society},
   author={Hernquist, Lars and Katz, Neal and Weinberg, David H. and Miralda-Escudé, Jordi},
   year={1996},
   month=feb }


@article{Bolton_2016,
   title={The Sherwood simulation suite: overview and data comparisons with the Lyman-alpha forest at redshifts 2 <z< 5},
   volume={464},
   ISSN={1365-2966},
   url={http://dx.doi.org/10.1093/mnras/stw2397},
   DOI={10.1093/mnras/stw2397},
   number={1},
   journal={Monthly Notices of the Royal Astronomical Society},
   publisher={Oxford University Press (OUP)},
   author={Bolton, James S. and Puchwein, Ewald and Sijacki, Debora and Haehnelt, Martin G. and Kim, Tae-Sun and Meiksin, Avery and Regan, John A. and Viel, Matteo},
   year={2016},
   month=sep, pages={897–914} }
@article{Springel_2005,
   title={The cosmological simulation code gadget-2},
   volume={364},
   ISSN={1365-2966},
   url={http://dx.doi.org/10.1111/j.1365-2966.2005.09655.x},
   DOI={10.1111/j.1365-2966.2005.09655.x},
   number={4},
   journal={Monthly Notices of the Royal Astronomical Society},
   publisher={Oxford University Press (OUP)},
   author={Springel, Volker},
   year={2005},
   month=dec, pages={1105–1134} }


@article{Schaye1999,
  title = {Measuring the equation of state of the intergalactic medium},
  volume = {310},
  ISSN = {1365-2966},
  url = {http://dx.doi.org/10.1046/j.1365-8711.1999.02956.x},
  DOI = {10.1046/j.1365-8711.1999.02956.x},
  number = {1},
  journal = {Monthly Notices of the Royal Astronomical Society},
  publisher = {Oxford University Press (OUP)},
  author = {Schaye,  J. and Theuns,  T. and Leonard,  A. and Efstathiou,  G.},
  year = {1999},
  month = nov,
  pages = {57–70}
}


@article{_oltinsk__2021,
   title={The detectability of strong 21 centimetre forest absorbers from the diffuse intergalactic medium in late reionisation models},
   ISSN={1365-2966},
   url={http://dx.doi.org/10.1093/mnras/stab1830},
   DOI={10.1093/mnras/stab1830},
   journal={Monthly Notices of the Royal Astronomical Society},
   publisher={Oxford University Press (OUP)},
   author={Šoltinskí, Tomáš and Bolton, James S and Hatch, Nina and Haehnelt, Martin G and Keating, Laura C and Kulkarni, Girish and Puchwein, Ewald and Chardin, Jonathan and Aubert, Dominique},
   year={2021},
   month=jul }


@article{Choudhury_2001,
   title={Semianalytic Approach to Understanding the Distribution of Neutral Hydrogen in the Universe: Comparison of Simulations with Observations},
   volume={559},
   ISSN={1538-4357},
   url={http://dx.doi.org/10.1086/322327},
   DOI={10.1086/322327},
   number={1},
   journal={The Astrophysical Journal},
   publisher={American Astronomical Society},
   author={Choudhury, T. Roy and Srianand, R. and Padmanabhan, T.},
   year={2001},
   month=sep, pages={29–40} }

@article{Luki__2014,
   title={The Lyman-alpha forest in optically thin hydrodynamical simulations},
   volume={446},
   ISSN={0035-8711},
   url={http://dx.doi.org/10.1093/mnras/stu2377},
   DOI={10.1093/mnras/stu2377},
   number={4},
   journal={Monthly Notices of the Royal Astronomical Society},
   publisher={Oxford University Press (OUP)},
   author={Lukić, Zarija and Stark, Casey W. and Nugent, Peter and White, Martin and Meiksin, Avery A. and Almgren, Ann},
   year={2014},
   month=dec, pages={3697–3724} }


@article{Tepper_Garc_a_2006,
   title={Voigt profile fitting to quasar absorption lines: an analytic approximation to the Voigt-Hjerting function: A new method to compute Voigt profiles},
   volume={369},
   ISSN={0035-8711},
   url={http://dx.doi.org/10.1111/j.1365-2966.2006.10450.x},
   DOI={10.1111/j.1365-2966.2006.10450.x},
   number={4},
   journal={Monthly Notices of the Royal Astronomical Society},
   publisher={Oxford University Press (OUP)},
   author={Tepper García, Thorsten},
   year={2006},
   month=jun, pages={2025–2035} }

@article{Freedman1981,
  title = {On the histogram as a density estimator:L 2 theory},
  volume = {57},
  ISSN = {1432-2064},
  url = {http://dx.doi.org/10.1007/BF01025868},
  DOI = {10.1007/bf01025868},
  number = {4},
  journal = {Zeitschrift f\"{u}r Wahrscheinlichkeitstheorie und Verwandte Gebiete},
  publisher = {Springer Science and Business Media LLC},
  author = {Freedman,  David and Diaconis,  Persi},
  year = {1981},
  month = dec,
  pages = {453–476}
}

@article{McDonald_2006,
   title={The Ly-alpha Forest Power Spectrum from the Sloan Digital Sky Survey},
   volume={163},
   ISSN={1538-4365},
   url={http://dx.doi.org/10.1086/444361},
   DOI={10.1086/444361},
   number={1},
   journal={The Astrophysical Journal Supplement Series},
   publisher={American Astronomical Society},
   author={McDonald, Patrick and Seljak, Uroš and Burles, Scott and Schlegel, David J. and Weinberg, David H. and Cen, Renyue and Shih, David and Schaye, Joop and Schneider, Donald P. and Bahcall, Neta A. and Briggs, John W. and Brinkmann, J. and Brunner, Robert J. and Fukugita, Masataka and Gunn, James E. and Ivezić, Željko and Kent, Stephen and Lupton, Robert H. and Vanden Berk, Daniel E.},
   year={2006},
   month=mar, pages={80–109} }

@article{Ravoux_2023,
   title={The Dark Energy Spectroscopic Instrument: one-dimensional power spectrum from first Ly-alpha forest samples with Fast Fourier Transform},
   volume={526},
   ISSN={1365-2966},
   url={http://dx.doi.org/10.1093/mnras/stad3008},
   DOI={10.1093/mnras/stad3008},
   number={4},
   journal={Monthly Notices of the Royal Astronomical Society},
   publisher={Oxford University Press (OUP)},
   author={Ravoux, Corentin and Abdul Karim, Marie Lynn and Armengaud, Eric and Walther, Michael and Karaçaylı, Naim Göksel and Martini, Paul and Guy, Julien and Aguilar, Jessica Nicole and Ahlen, Steven and Bailey, Stephen and Bautista, Julian and Beltran, Sergio Felipe and Brooks, David and Cabayol-Garcia, Laura and Chabanier, Solène and Chaussidon, Edmond and Chaves-Montero, Jonás and Dawson, Kyle and de la Cruz, Rodrigo and de la Macorra, Axel and Doel, Peter and Fanning, Kevin and Font-Ribera, Andreu and Forero-Romero, Jaime and Gontcho A Gontcho, Satya and Gonzalez-Morales, Alma X and Gordon, Calum and Herrera-Alcantar, Hiram K and Honscheid, Klaus and Iršič, Vid and Ishak, Mustapha and Kehoe, Robert and Kisner, Theodore and Kremin, Anthony and Landriau, Martin and Le Guillou, Laurent and Levi, Michael and Lukić, Zarija and Magneville, Christophe and Meisner, Aaron and Miquel, Ramon and Moustakas, John and Mueller, Eva-Maria and Muñoz-Gutiérrez, Andrea and Napolitano, Lucas and Nie, Jundan and Niz, Gustavo and Palanque-Delabrouille, Nathalie and Percival, Will and Pérez-Ràfols, Ignasi and Pieri, Matthew and Poppett, Claire and Prada, Francisco and Ramírez Pérez, César and Rossi, Graziano and Sanchez, Eusebio and Schlegel, David and Schubnell, Michael and Seo, Hee-Jong and Sinigaglia, Francesco and Tan, Ting and Tarlé, Gregory and Wang, Ben and Weaver, Benjamin and Yèche, Christophe and Zhou, Zhimin},
   year={2023},
   month=oct, pages={5118–5140} }



@article{Viel_2005,
   title={Constraining warm dark matter candidates including sterile neutrinos and light gravitinos with WMAP and the Lyman-alpha forest},
   volume={71},
   ISSN={1550-2368},
   url={http://dx.doi.org/10.1103/PhysRevD.71.063534},
   DOI={10.1103/physrevd.71.063534},
   number={6},
   journal={Physical Review D},
   publisher={American Physical Society (APS)},
   author={Viel, Matteo and Lesgourgues, Julien and Haehnelt, Martin G. and Matarrese, Sabino and Riotto, Antonio},
   year={2005},
   month=mar }

  
@article{Haardt2012,
  title = {RADIATIVE TRANSFER IN A CLUMPY UNIVERSE. IV. NEW SYNTHESIS MODELS OF THE COSMIC UV/X-RAY BACKGROUND},
  volume = {746},
  ISSN = {1538-4357},
  url = {http://dx.doi.org/10.1088/0004-637X/746/2/125},
  DOI = {10.1088/0004-637x/746/2/125},
  number = {2},
  journal = {The Astrophysical Journal},
  publisher = {American Astronomical Society},
  author = {Haardt,  Francesco and Madau,  Piero},
  year = {2012},
  month = feb,
  pages = {125}
}

@book{Mo2010,
  title = {Galaxy Formation and Evolution},
  ISBN = {9780511807244},
  url = {http://dx.doi.org/10.1017/CBO9780511807244},
  DOI = {10.1017/cbo9780511807244},
  publisher = {Cambridge University Press},
  author = {Mo,  Houjun and van den Bosch,  Frank and White,  Simon},
  year = {2010},
  month = may 
}

@article{Villanueva_Domingo_2021,
   title={A Brief Review on Primordial Black Holes as Dark Matter},
   volume={8},
   ISSN={2296-987X},
   url={http://dx.doi.org/10.3389/fspas.2021.681084},
   DOI={10.3389/fspas.2021.681084},
   journal={Frontiers in Astronomy and Space Sciences},
   publisher={Frontiers Media SA},
   author={Villanueva-Domingo, Pablo and Mena, Olga and Palomares-Ruiz, Sergio},
   year={2021},
   month=may }



@article{Navarro1996,
  title = {The Structure of Cold Dark Matter Halos},
  volume = {462},
  ISSN = {1538-4357},
  url = {http://dx.doi.org/10.1086/177173},
  DOI = {10.1086/177173},
  journal = {The Astrophysical Journal},
  publisher = {American Astronomical Society},
  author = {Navarro,  Julio F. and Frenk,  Carlos S. and White,  Simon D. M.},
  year = {1996},
  month = may,
  pages = {563}
}

@article{de_Blok_2008,
   title={HIGH-RESOLUTION ROTATION CURVES AND GALAXY MASS MODELS FROM THINGS},
   volume={136},
   ISSN={1538-3881},
   url={http://dx.doi.org/10.1088/0004-6256/136/6/2648},
   DOI={10.1088/0004-6256/136/6/2648},
   number={6},
   journal={The Astronomical Journal},
   publisher={American Astronomical Society},
   author={de Blok, W. J. G. and Walter, F. and Brinks, E. and Trachternach, C. and Oh, S-H. and Kennicutt, R. C.},
   year={2008},
   month=nov, pages={2648–2719} }

@article{Dalal2002,
  title = {Direct Detection of Cold Dark Matter Substructure},
  volume = {572},
  ISSN = {1538-4357},
  url = {http://dx.doi.org/10.1086/340303},
  DOI = {10.1086/340303},
  number = {1},
  journal = {The Astrophysical Journal},
  publisher = {American Astronomical Society},
  author = {Dalal,  N. and Kochanek,  C. S.},
  year = {2002},
  month = jun,
  pages = {25–33}
}

@article{VanWaerbeke2004,
  title = {Dealing with systematics in cosmic shear studies: New results from the VIRMOS-Descart survey},
  volume = {429},
  ISSN = {1432-0746},
  url = {http://dx.doi.org/10.1051/0004-6361:20041513},
  DOI = {10.1051/0004-6361:20041513},
  number = {1},
  journal = {Astronomy and Astrophysics},
  publisher = {EDP Sciences},
  author = {Van Waerbeke,  L. and Mellier,  Y. and Hoekstra,  H.},
  year = {2004},
  month = dec,
  pages = {75–84}
}

@article{Eisenstein2005,
  title = {Detection of the Baryon Acoustic Peak in the Large‐Scale Correlation Function of SDSS Luminous Red Galaxies},
  volume = {633},
  ISSN = {1538-4357},
  url = {http://dx.doi.org/10.1086/466512},
  DOI = {10.1086/466512},
  number = {2},
  journal = {The Astrophysical Journal},
  publisher = {American Astronomical Society},
  author = {Eisenstein,  Daniel J. and Zehavi,  Idit and Hogg,  David W. and Scoccimarro,  Roman and Blanton,  Michael R. and Nichol,  Robert C. and Scranton,  Ryan and Seo,  Hee‐Jong and Tegmark,  Max and Zheng,  Zheng and Anderson,  Scott F. and Annis,  Jim and Bahcall,  Neta and Brinkmann,  Jon and Burles,  Scott and Castander,  Francisco J. and Connolly,  Andrew and Csabai,  Istvan and Doi,  Mamoru and Fukugita,  Masataka and Frieman,  Joshua A. and Glazebrook,  Karl and Gunn,  James E. and Hendry,  John S. and Hennessy,  Gregory and Ivezić,  Zeljko and Kent,  Stephen and Knapp,  Gillian R. and Lin,  Huan and Loh,  Yeong‐Shang and Lupton,  Robert H. and Margon,  Bruce and McKay,  Timothy A. and Meiksin,  Avery and Munn,  Jeffery A. and Pope,  Adrian and Richmond,  Michael W. and Schlegel,  David and Schneider,  Donald P. and Shimasaku,  Kazuhiro and Stoughton,  Christopher and Strauss,  Michael A. and SubbaRao,  Mark and Szalay,  Alexander S. and Szapudi,  Istvan and Tucker,  Douglas L. and Yanny,  Brian and York,  Donald G.},
  year = {2005},
  month = nov,
  pages = {560–574}
}

@article{Vogelsberger2014,
  title = {Properties of galaxies reproduced by a hydrodynamic simulation},
  volume = {509},
  ISSN = {1476-4687},
  url = {http://dx.doi.org/10.1038/nature13316},
  DOI = {10.1038/nature13316},
  number = {7499},
  journal = {Nature},
  publisher = {Springer Science and Business Media LLC},
  author = {Vogelsberger,  M. and Genel,  S. and Springel,  V. and Torrey,  P. and Sijacki,  D. and Xu,  D. and Snyder,  G. and Bird,  S. and Nelson,  D. and Hernquist,  L.},
  year = {2014},
  month = may,
  pages = {177–182}
}

@article{Moore1994,
  title = {Evidence against dissipation-less dark matter from observations of galaxy haloes},
  volume = {370},
  ISSN = {1476-4687},
  url = {http://dx.doi.org/10.1038/370629a0},
  DOI = {10.1038/370629a0},
  number = {6491},
  journal = {Nature},
  publisher = {Springer Science and Business Media LLC},
  author = {Moore,  Ben},
  year = {1994},
  month = aug,
  pages = {629–631}
}

@article{Weinberg_2015,
   title={Cold dark matter: Controversies on small scales},
   volume={112},
   ISSN={1091-6490},
   url={http://dx.doi.org/10.1073/pnas.1308716112},
   DOI={10.1073/pnas.1308716112},
   number={40},
   journal={Proceedings of the National Academy of Sciences},
   publisher={Proceedings of the National Academy of Sciences},
   author={Weinberg, David H. and Bullock, James S. and Governato, Fabio and Kuzio de Naray, Rachel and Peter, Annika H. G.},
   year={2015},
   month=feb, pages={12249–12255} }

   @article{Boylan_Kolchin_2011,
   title={Too big to fail? The puzzling darkness of massive Milky Way subhaloes},
   volume={415},
   ISSN={1745-3925},
   url={http://dx.doi.org/10.1111/j.1745-3933.2011.01074.x},
   DOI={10.1111/j.1745-3933.2011.01074.x},
   number={1},
   journal={Monthly Notices of the Royal Astronomical Society: Letters},
   publisher={Oxford University Press (OUP)},
   author={Boylan-Kolchin, Michael and Bullock, James S. and Kaplinghat, Manoj},
   year={2011},
   month=jul, pages={L40–L44} }

@article{Spergel2000,
  title = {Observational Evidence for Self-Interacting Cold Dark Matter},
  volume = {84},
  ISSN = {1079-7114},
  url = {http://dx.doi.org/10.1103/PhysRevLett.84.3760},
  DOI = {10.1103/physrevlett.84.3760},
  number = {17},
  journal = {Physical Review Letters},
  publisher = {American Physical Society (APS)},
  author = {Spergel,  David N. and Steinhardt,  Paul J.},
  year = {2000},
  month = apr,
  pages = {3760–3763}
}

@article{Hu2000,
  title = {Fuzzy Cold Dark Matter: The Wave Properties of Ultralight Particles},
  volume = {85},
  ISSN = {1079-7114},
  url = {http://dx.doi.org/10.1103/PhysRevLett.85.1158},
  DOI = {10.1103/physrevlett.85.1158},
  number = {6},
  journal = {Physical Review Letters},
  publisher = {American Physical Society (APS)},
  author = {Hu,  Wayne and Barkana,  Rennan and Gruzinov,  Andrei},
  year = {2000},
  month = aug,
  pages = {1158–1161}
}

@article{Hannestad_2004,
   title={Cosmological mass limits on neutrinos, axions, and other light particles},
   volume={2004},
   ISSN={1475-7516},
   url={http://dx.doi.org/10.1088/1475-7516/2004/04/008},
   DOI={10.1088/1475-7516/2004/04/008},
   number={04},
   journal={Journal of Cosmology and Astroparticle Physics},
   publisher={IOP Publishing},
   author={Hannestad, Steen and Raffelt, Georg},
   year={2004},
   month=apr, pages={008–008} }

@article{Massey_2010,
   title={The dark matter of gravitational lensing},
   volume={73},
   ISSN={1361-6633},
   url={http://dx.doi.org/10.1088/0034-4885/73/8/086901},
   DOI={10.1088/0034-4885/73/8/086901},
   number={8},
   journal={Reports on Progress in Physics},
   publisher={IOP Publishing},
   author={Massey, Richard and Kitching, Thomas and Richard, Johan},
   year={2010},
   month=jul, pages={086901} }

@article{Calore_2018,
   title={Dark matter constraints from dwarf galaxies: a data-driven analysis},
   volume={2018},
   ISSN={1475-7516},
   url={http://dx.doi.org/10.1088/1475-7516/2018/10/029},
   DOI={10.1088/1475-7516/2018/10/029},
   number={10},
   journal={Journal of Cosmology and Astroparticle Physics},
   publisher={IOP Publishing},
   author={Calore, Francesca and Serpico, Pasquale Dario and Zaldivar, Bryan},
   year={2018},
   month=oct, pages={029–029} }

@article{Rauch_1998,
   title={THE LYMAN ALPHA FOREST IN THE SPECTRA OF QUASISTELLAR OBJECTS},
   volume={36},
   ISSN={1545-4282},
   url={http://dx.doi.org/10.1146/annurev.astro.36.1.267},
   DOI={10.1146/annurev.astro.36.1.267},
   number={1},
   journal={Annual Review of Astronomy and Astrophysics},
   publisher={Annual Reviews},
   author={Rauch, Michael},
   year={1998},
   month=sep, pages={267–316} }

